<?xml version="1.0" encoding="UTF-8"?><record xmlns="http://www.loc.gov/MARC21/slim" xmlns:cinclude="http://apache.org/cocoon/include/1.0" xmlns:zs="http://www.loc.gov/zing/srw/">
  <leader>00555cz  a2200121n  4500</leader>
  <controlfield tag="001">n 2008206566</controlfield>
  <controlfield tag="003">DLC</controlfield>
  <controlfield tag="005">20080803075902.0</controlfield>
  <controlfield tag="008">080802n| acannaabn          |n aaa      </controlfield>
  <datafield tag="010" ind1=" " ind2=" ">
    <subfield code="a">n 2008206566</subfield>
  </datafield>
  <datafield tag="040" ind1=" " ind2=" ">
    <subfield code="a">DLC</subfield>
    <subfield code="b">eng</subfield>
    <subfield code="c">DLC</subfield>
  </datafield>
  <datafield tag="100" ind1="1" ind2=" ">
    <subfield code="a">Wickremasinghe, Seetha I.</subfield>
  </datafield>
  <datafield tag="670" ind1=" " ind2=" ">
    <subfield code="a">Science &amp; technology policy and indicators for development, c2008:</subfield>
    <subfield code="b">t.p. (Seetha I. Wickremasinghe) p. 376 (hd., Sc. &amp; tech. Policy Res. Division, Natl. Sc. Foundation; Dr.; B. Sc. in botany; M. Sc. in agri. biol.; Ph. D., sc. policy; asst. ed., J. of the Natl. Sc. Foundation, Sri Lanka)</subfield>
  </datafield>
</record>